3282 4920
1554 255 1870 331 -6-’

628 407 951 478 Attamen
996 405 1183 476 haud
1224 411 1542 496 poterant
1584 408 1867 503 comites
1909 407 2130 479 lenire
2173 409 2546 497 dolentem,

627 531 825 601 Haud
866 533 1142 621 placare
1184 532 1342 602 sinu
1386 532 1679 622 suspiria
1721 534 1934 603 mixta
1976 534 2318 621 frequenti

628 658 984 748 Singultu3
1031 659 1389 746 aequoreis
1433 659 1555 730 sed
1599 680 1810 748 quum
1855 679 2008 730 sese
2053 661 2293 730 extulit
2321 661 2524 731 undis

627 784 857 853 Tertia
900 785 1020 852 lux
1063 785 1251 853 coelo
1296 794 1365 853 et
1408 783 1690 854 tandem
1733 785 2144 855 nitidissima
2188 786 2399 873 fulsit,
2797 804 2883 860 20

629 911 799 988 Quat
834 961 841 978 ι
890 911 1097 994 DeuS,
1146 913 1220 976 ut
1263 908 1607 996 quondam
1651 927 1990 998 praesago
2033 915 2308 1000 pectore
2354 916 2546 982 vates

626 1034 1044 1104 Praedixere
1088 1033 1291 1119 sacri,
1339 1033 1601 1102 tumulo
1644 1033 1988 1103 redivivus
2031 1035 2118 1104 ab
2161 1035 2303 1104 imo

629 1162 959 1247 Surgeret
1004 1179 1084 1229 ac
1131 1159 1278 1227 dias
1321 1158 1630 1228 hauriret
1673 1159 1954 1228 luminis
1999 1174 2228 1245 auras,

625 1286 937 1356 Vertitur
982 1286 1136 1355 heic
1180 1303 1413 1354 rerum
1457 1285 1710 1373 sacies;
1757 1285 1960 1354 timor
2005 1286 2227 1355 omnis
2271 1285 2585 1375 abactus3

628 1415 771 1480 Iam
815 1398 1085 1480 rediere
1134 1410 1387 1500 animi;
1432 1410 1569 1480 iam
1613 1415 1937 1500 promunt
1979 1411 2233 1497 gaudia
2268 1389 2524 1500 passim

630 1537 904 1622 Omnia,
952 1536 1252 1606 laetitiae
1298 1535 1465 1604 dant
1508 1536 1742 1604 omnia
1784 1536 1987 1622 signa
2031 1536 2398 1606 secundae.

715 1662 942 1747 Salve,
991 1682 1032 1731 o
1078 1668 1265 1731 certa
1309 1664 1495 1732 salus
1540 1663 1820 1750 generis
1863 1663 2082 1732 nostri
2126 1669 2195 1732 et
2239 1662 2444 1732 decus
2491 1661 2744 1749 ingens
2765 1712 2786 1748 ,

624 1791 879 1874 Magne
922 1788 1401 1877 triumphator,
1448 1790 1662 1874 salve,
1711 1789 2052 1877 Stygiique
2096 1789 2376 1876 tyranni

626 1912 865 1981 Victor
909 1917 985 1981 et
1023 1914 1310 1982 heroum
1355 1919 1756 1981 cunctorum
1801 1914 2126 1998 maxime,
2173 1914 2382 1983 salve.

629 2039 774 2107 Ten
817 2039 1026 2106 Pater
1068 2038 1496 2136 omnipotens
1541 2043 1857 2106 ornatum
1902 2045 2210 2126 tempora
2252 2040 2429 2124 luce,

626 2165 773 2232 Ten
817 2166 1026 2232 Pater
1067 2163 1407 2252 amplifice
1451 2163 1863 2233 immortalia
1907 2165 2214 2233 membra
2259 2163 2606 2251 decorum,
2637 2245 2658 2266 ο

628 2289 775 2358 Ten
818 2306 997 2356 nova
1040 2288 1375 2357 concessit
1418 2307 1730 2358 remeare
1774 2288 1863 2357 ad
1906 2289 2168 2358 lumina
2213 2289 2428 2358 vitae?

717 2414 907 2492 Quae
952 2433 1162 2502 quum
1204 2415 1385 2483 laeta
1430 2413 1576 2484 dies
1621 2413 1832 2497 venit,
1889 2413 2100 2483 veluti
2143 2414 2385 2485 unicus
2427 2415 2596 2501 aleS,

627 2539 783 2625 Qui,
831 2544 983 2629 post
1026 2538 1403 2628 depositam
1446 2539 1627 2609 felici
1671 2539 1746 2607 in
1791 2544 2014 2609 morte
2057 2544 2431 2625 senectam,

627 2663 965 2734 Continuo
1009 2684 1227 2734 novus
1272 2663 1597 2749 exoritur,
1645 2663 2036 2752 nitidusque
2081 2664 2386 2749 iuventa,
2475 2720 2480 2727 .

628 2788 739 2857 Sic
779 2792 981 2874 DeuS,
1030 2806 1397 2858 aerumnas
1441 2792 1798 2877 postquam
1843 2790 2056 2859 semel
2100 2789 2496 2873 exantlavit,

626 2914 905 2983 Sustulit
950 2918 1017 2984 et
1060 2914 1275 2984 nostri
1320 2917 1503 2985 mala
1544 2920 1644 2985 tot
1687 2919 2046 3003 tantosque
2092 2914 2386 3001 dolores,

630 3043 783 3129 Ipse
828 3040 1248 3129 triumphata
1290 3042 1516 3111 clarus
1558 3041 1700 3111 iam
1741 3044 1962 3110 morte
2005 3041 2320 3128 sepulcro

624 3165 886 3251 Victor,
933 3165 1025 3251 io,
1073 3186 1113 3234 e
1156 3166 1387 3236 clauso
1428 3165 1804 3255 praestanti
1846 3184 1962 3234 cor
1964 3183 2132 3254 pore
2175 3164 2418 3251 surgit.

626 3292 712 3357 Ut
751 3291 931 3360 bene
976 3291 1249 3362 divinae
1292 3292 1607 3382 splendet
1649 3292 1880 3377 decor,
1927 3291 2180 3380 aspice,
2226 3289 2510 3360 frontis!
2810 3308 2883 3363 40

627 3416 712 3484 Ut
754 3415 934 3487 bene
977 3436 1363 3507 purpureus
1406 3418 1650 3487 faciem
1695 3418 1882 3485 color
1923 3416 2168 3501 inficit,
2201 3421 2409 3505 utque

626 3540 865 3609 Aurati
908 3541 1175 3611 fluitant
1216 3542 1376 3611 colli
1418 3561 1545 3632 per
1586 3541 1774 3611 nuda
1819 3541 2081 3630 capilli!

512 3722 517 3727 .
628 3665 850 3742 Quina
893 3686 1091 3736 sacra
1135 3666 1496 3738 effundunt
1538 3666 1974 3756 splendorem
2019 3667 2330 3753 vulnera,
2381 3664 2638 3735 circum

628 3793 997 3878 Fragranti
1051 3798 1121 3863 et
1162 3793 1493 3882 liquidum
1538 3795 1968 3882 permulcent
2011 3794 2295 3863 aethera
2338 3791 2569 3861 odore.

626 3918 973 3989 Vexillum
1016 3938 1181 3989 vero
1226 3920 1521 4007 fulgenti
1564 3919 1826 3989 murice
1857 3920 2171 4005 tinctum,

630 4042 825 4121 Quod
866 4018 1038 4113 levis
1084 4046 1375 4141 effusum
1418 4064 1587 4115 aura
1632 4048 1992 4133 movetque
2038 4044 2386 4132 agitatque
2431 4059 2788 4111 coruscum

628 4167 953 4256 Quodque
995 4188 1272 4239 crucem
1314 4175 1592 4239 nostrae
1636 4169 2130 4239 monimentum
2160 4169 2437 4254 insigne
2467 4165 2705 4237 salutis

628 4294 985 4380 Sanguine
1028 4314 1472 4386 conspersum
1516 4314 1711 4366 sacro
1755 4296 1930 4365 mira
1973 4294 2232 4365 indicat
2265 4300 2438 4381 arte,
