3282 4920
1361 251 1721 318 ...11—

464 391 755 460 Additur
798 399 1143 462 extremus
1187 411 1415 462 comes
1457 392 1569 461 his
1610 393 1954 482 sociatque
1999 396 2309 466 laborem
2343 441 2350 446 -

464 521 779 586 Humana
820 517 1087 588 iuvenis
1128 517 1325 601 facie,
1375 518 1878 607 pulcherrimus
1914 539 2034 590 ore
2041 570 2060 606 ,
2139 555 2160 575 ·

468 641 599 718 Qui
640 647 839 727 tergo
882 641 1231 731 applausis
1273 641 1476 711 simul
1518 645 1806 712 aethera
1849 644 2166 714 verberat
2209 645 2358 714 alis,

463 769 672 837 Multa
715 767 1197 855 triumphalem
1244 749 1553 855 sequitur
1595 788 1772 854 gens
1817 771 2098 856 agmine
2141 791 2422 840 currum
2615 787 2718 843 180

466 894 641 970 Quot
683 893 959 961 suerunt
1000 893 1164 961 olim
1207 892 1563 981 primaque
1608 894 1693 961 ab
1739 889 2012 980 origine
2055 895 2296 964 mundi

469 1021 668 1088 Caste
711 1019 1035 1088 vixerunt
1076 1017 1237 1087 iusti
1280 1017 1599 1106 rectique·
1630 1024 1934 1104 tenaceS,

465 1145 762 1214 Moribus
806 1143 1101 1231 integris
1144 1163 1385 1214 omnes
1428 1149 1499 1213 et
1538 1145 1804 1215 lumina
1845 1144 2074 1230 gentis
2188 1176 2194 1180 ·

465 1270 699 1338 Prima
738 1288 932 1354 suae,
982 1269 1151 1337 clari
1191 1269 1505 1356 belloque
1551 1274 1620 1336 et
1664 1269 1947 1338 fortibus
1990 1268 2176 1338 ausis
2188 1318 2207 1355 ,

467 1394 893 1480 Magnanimi
939 1395 1205 1463 heroes.
1259 1397 1421 1462 Post
1466 1395 1591 1462 hos
1635 1400 2026 1482 matresque
2069 1395 2332 1482 virique

465 1522 687 1606 Atque
732 1519 849 1588 alii
892 1538 1179 1588 numero
1222 1519 1589 1604 innumero
1596 1569 1615 1604 ‚
1665 1539 1834 1607 quos
1877 1519 2119 1590 ordine
2161 1519 2484 1608 princeps

468 1643 703 1714 Anteit
744 1645 1089 1712 humanae
1132 1643 1385 1728 gentis,
1434 1643 1596 1712 dein
1644 1643 1951 1712 criminis
1977 1646 2166 1712 Heva

468 1772 554 1838 Et
597 1769 882 1838 thalami
914 1777 1246 1855 ,consors3
1292 1767 1535 1838 mediis
1579 1767 1656 1836 in
1701 1767 1998 1836 millibus
2042 1769 2236 1836 illum

469 1896 775 1964 Cernere
820 1899 969 1964 erat
1011 1911 1249 1978 regem
1295 1899 1487 1962 vasta
1530 1892 1648 1980 qui
1693 1894 1872 1962 mole
1919 1893 2276 1978 gigantem

471 2019 722 2088 Stravit
756 2017 959 2118 'humi
1001 2019 1377 2105 fortemque
1422 2018 1665 2086 ducem
1710 2017 1824 2104 qui
1869 2017 2112 2086 sistere
2155 2015 2368 2086 cursu

467 2145 600 2214 Vel
642 2143 859 2232 potuit
900 2141 1181 2211 rutilum
1200 2231 1207 2239 .
1226 2141 1489 2210 deflexo
1535 2140 1805 2210 tramite
1850 2142 2086 2210 solem.
2179 2229 2182 2234 Ι

470 2269 875 2342 Sanctorum
918 2267 1083 2335 hinc
1124 2272 1422 2355 patrum,
1470 2265 1659 2333 illinc
1703 2272 1934 2334 vatum
1978 2267 2190 2351 longa
2217 2265 2486 2355 piorum

470 2393 795 2480 Agmina,
843 2391 1230 2462 carceribus
1274 2390 1504 2460 fractis
1548 2409 1718 2479 quos
1765 2390 1976 2458 victor
2021 2391 2106 2460 ab
2151 2389 2410 2460 umbris

471 2518 735 2608 Eripuit
782 2519 1026 2604 coeciS‚
1074 2519 1372 2602 animae,
1420 2538 1712 2606 quarum
1757 2538 1908 2589 ossa
1953 2520 2281 2608 sepulcris

466 2647 787 2715 Excierat
831 2646 1138 2716 rediviva
1182 2646 1376 2731 atriS‚
1425 2655 1579 2734 post
1622 2652 1822 2731 terga
1867 2651 2268 2733 sequuntur.

330 2795 343 2807 ·
475 2771 847 2840 Confestim
892 2770 1132 2840 fidium
1176 2772 1473 2841 sonitum
1517 2773 1912 2859 celeresque
1957 2772 2242 2839 choreas

475 2898 825 2967 Caelestes
868 2896 1067 2986 pueri
1108 2896 1496 2967 instaurant
1539 2897 2012 2985 plauduntque
2055 2899 2406 2965 canentes.

470 3025 643 3091 Pars
684 3022 995 3110 pendent
1037 3022 1355 3111 speculis,
1406 3021 1521 3091 alii
1564 3022 2024 3110 bipatentibus
2069 3022 2319 3091 adsunt

469 3145 718 3229 PortiS,
766 3150 927 3214 ante
970 3146 1154 3214 viam
1198 3152 1587 3215 sternentes
1630 3146 1934 3231 floribus,
1969 3144 2156 3239 altis·

468 3273 783 3342 Postibus
828 3276 1324 3361 expectantque
1368 3275 1585 3341 Deum
1629 3277 1699 3341 et
1743 3273 2040 3341 clamore
2085 3272 2385 3341 salutant
2609 3287 2718 3343 200

468 3401 703 3482 Laet0,
753 3396 871 3486 qui
914 3402 1276 3486 postquam
1320 3405 1631 3467 auratam
1679 3403 1782 3467 est
1825 3396 2182 3482 ingressus
2226 3396 2301 3463 in
2347 3397 2574 3465 aulam

474 3522 827 3593 Caelicolis
870 3525 1056 3593 clare
1101 3528 1171 3591 et
1214 3525 1591 3608 fulgentem
1635 3542 1712 3591 se
1758 3522 2021 3605 obtulit,
2070 3540 2310 3591 omnes
2369 3558 2376 3563 ·

470 3649 758 3717 Attoniti
802 3655 1177 3733 assurgunt
1219 3648 1527 3717 venienti
1572 3654 1641 3717 et
1683 3648 1938 3736 poplite
1983 3648 2160 3715 flexo

469 3776 557 3841 Et
602 3773 898 3860 geminis
945 3773 1243 3841 frontem
1285 3772 1537 3861 pennis
1581 3776 1788 3859 atque
1832 3792 1952 3841 ore
1997 3776 2314 3856 tegentes

472 3902 687 3993 Inque
728 3898 985 3987 pedum
1028 3898 1247 3983 signis
1292 3898 1585 3967 libantes
1630 3900 1863 3967 oscula
1909 3897 2220 3966 adorant.

472 4026 663 4091 Tunc
706 4023 935 4092 sonuit
978 4022 1235 4091 blando
1280 4027 1484 4091 cantu
1531 4023 1916 4111 permulsus
1946 4023 2278 4110 Olympus

473 4151 666 4217 Tunc
711 4148 887 4218 caeli
928 4148 1199 4217 insueta
1243 4147 1578 4217 fulserunt
1618 4147 1893 4217 moenia
1921 4148 2097 4231 lucc,

472 4274 663 4341 Tunc
706 4273 1023 4345 coelestis
1058 4274 1291 4356 Amor,
1338 4276 1547 4341 Pater
1592 4279 1662 4341 et
1705 4289 2064 4359 supremus
2112 4275 2434 4339 ovantem
