3282 4920
1406 311 1494 325 —.
1538 274 1581 340 7
1620 293 1715 326 2...-
1744 256 1778 280 ‘

479 421 730 488 Dextra
772 419 905 488 fert
946 437 1193 506 corpus
1236 417 1533 487 stellanti
1578 419 1840 488 cinctus
1885 421 2159 490 amictu.

483 545 713 622 Qualis
756 562 962 614 mane
1006 563 1184 613 novo
1230 543 1452 612 varios
1496 543 1738 612 induta
1781 545 2044 614 colores

480 669 842 755 Affulgens
884 668 1101 736 oritur
1143 667 1357 736 roseis
1402 687 1650 737 aurora
1694 668 2074 756 quadrigiS‚

482 796 683 880 Talis,
732 796 897 884 quin
940 795 1077 863 imo
1121 795 1332 862 multo
1376 795 1771 886 fulgentior,
1821 797 1966 882 egit

486 921 937 1008 Compescens
980 920 1277 987 Erebum
1322 923 1389 987 et
1432 919 1696 1005 cocytia
1738 939 1961 1006 regna
2005 920 2426 1010 triumphum

484 1046 603 1113 Ille
646 1065 849 1128 unus,
899 1044 1151 1130 dignus
1196 1044 1421 1112 cuncti
1469 1043 1578 1112 cui
1623 1045 1878 1130 gaudia
1921 1051 2240 1133 promant

482 1170 826 1254 Mortales,
874 1187 1158 1237 nemora
1201 1174 1271 1238 et
1312 1169 1521 1237 colles
1566 1169 1922 1258 campique
1965 1171 2300 1239 resultent

484 1295 768 1364 Laetitia
808 1295 1079 1380 ingenti
1124 1299 1193 1364 et
1234 1294 1489 1383 passim
1534 1295 1666 1362 cita
1710 1295 1994 1364 flumina
2039 1295 2218 1364 dulci

484 1423 684 1491 Melle
729 1424 964 1499 fluant,
1013 1421 1194 1489 dulci
1238 1420 1565 1489 distillent
1606 1427 1885 1490 nectare
1913 1441 2144 1510 rupes,

484 1553 625 1618 Iam
669 1546 946 1616 tandem
988 1547 1172 1631 vicit,
1220 1552 1358 1614 toto
1404 1551 1473 1614 et
1513 1545 1900 1633 spectabilis
1945 1565 2063 1615 ore

456 1675 699 1760 -Signa
741 1692 869 1761 per
911 1671 1129 1740 aerios
1176 1672 1419 1740 tollens
1462 1669 1765 1738 victricia
1809 1689 2105 1758 campOS,

485 1798 922 1885 Tartareique
966 1783 1177 1866 hostis
1220 1796 1451 1885 spoliis
1494 1797 1864 1883 mortisque
1907 1801 2302 1884 peremptae

487 1925 785 2010 Insignis
830 1941 1097 1992 summa
1142 1923 1311 1991 coeli
1356 1922 1816 1992 dominabitur
1858 1941 2038 1990 arce.

572 2052 660 2116 At
702 2048 902 2117 simul
945 2048 1131 2114 hunc
1176 2051 1364 2114 torvo
1409 2046 1763 2135 conspexit
1805 2047 2064 2148 lumine
2110 2045 2365 2114 Averni

481 2174 633 2243 Rex
678 2173 915 2259 magni
959 2178 1160 2260 atque
1206 2171 1556 2240 hominum
1602 2173 1810 2258 longe
1854 2171 2328 2241 infestissimus
2373 2171 2610 2257 hostis,

487 2300 789 2376 Quantos
834 2303 995 2365 tunc
1041 2297 1253 2382 gessit
1296 2296 1549 2364 subitos
1593 2296 1667 2363 in
1714 2295 1917 2364 corde
1961 2296 2230 2364 dolores

391 2479 396 2485 .
484 2424 825 2493 Lividulos
867 2428 1193 2510 torquens
1237 2422 1465 2491 oculos
1510 2426 1713 2510 atque
1759 2421 2100 2507 unguibus
2145 2440 2266 2493 era
2305 2510 2308 2515 Ι

482 2554 663 2617 Prae
705 2548 895 2615 rabie
938 2547 1251 2615 lacerans
1294 2565 1715 2635 proceraque
1761 2565 2016 2639 cornua
2059 2546 2361 2616 iactans!

486 2673 853 2743 Indomitas
899 2677 1227 2757 quantum
1272 2689 1511 2740 saevas
1556 2671 1851 2761 surrexit
1893 2672 1969 2739 in
2012 2672 2194 2739 iras!

482 2802 656 2868 Nam
698 2797 909 2867 veluti
951 2798 1172 2885 primo
1216 2801 1451 2865 taurus
1494 2798 1674 2865 male
1719 2796 1986 2865 saucius
2029 2797 2168 2865 ictu

483 2923 741 3009 Effugit
799 2922 1151 2991 excutiens
1195 2911 1367 2989 duro
1412 2942 1451 2991 e
1495 2921 1761 2991 cervice
1805 2921 2104 2990 securim

485 3050 769 3135 Mugitun
796 3048 1205 3117 horrificans
1248 3048 1511 3116 coelum
1556 3049 1784 3117 fremit
1826 3067 1945 3117 ore
1990 3053 2300 3134 cruent0,

484 3173 683 3243 Haud
726 3192 925 3242 secus
968 3172 1240 3257 ingenti
1283 3173 1637 3259 perculsus
1683 3172 1889 3241 corda
1933 3173 2168 3243 dolore

485 3300 868 3367 clamorem
912 3299 1321 3366 immensum
1364 3298 1561 3381 tollit,
1610 3298 1743 3385 quo
1786 3299 2026 3368 territa
2071 3280 2270 3367 s‘edes

484 3426 813 3493 Tartarea
858 3444 946 3493 ex
989 3423 1203 3492 antris
1244 3423 1592 3493 fremitum
1636 3424 1820 3492 dedit
1864 3430 2013 3493 atra
2055 3422 2408 3513 profundis
2415 3473 2433 3509 ,

486 3550 977 3618 Contremuere
1020 3550 1349 3637 polusque
1394 3553 1595 3637 atque
1638 3550 1790 3637 ipsa
1835 3569 1875 3618 e
1920 3550 2193 3619 sedibus
2236 3549 2391 3616 imis

487 3675 713 3743 Tellus
754 3675 890 3743 late
936 3680 1004 3757 et
1046 3675 1181 3742 late
1225 3673 1471 3759 mugiit
1512 3674 1945 3761 Amphitrite.

483 3799 806 3867 Protinus
822 3802 920 3865 sat
963 3815 1171 3865 rauco
1213 3796 1454 3871 stridet
1496 3798 1823 3883 clangore
1867 3798 2184 3866 tubarum

482 3924 969 4010 Excutiturque
1014 3922 1210 4008 gravi
1252 3923 1390 3991 iam
1434 3942 1783 3991 murmure
1826 3922 2044 4008 Regia
2089 3922 2276 3989 Ditis.

487 4048 754 4117 Adsunt
800 4048 888 4116 ad
932 4048 1228 4116 sonitum
1272 4050 1530 4116 calcato
1571 4047 1807 4117 limine
1855 4048 2114 4117 turbae'

484 4174 799 4262 Undique
842 4173 1202 4263 spirituum
1248 4174 1536 4259 excitae,
1586 4170 1810 4259 genus
1853 4193 2084 4259 omne,
2131 4175 2490 4258 malorum,

486 4298 617 4375 Qui
660 4305 821 4368 tunc
865 4299 1226 4400 horrilyiles
1270 4299 1417 4367 visu
1463 4305 1533 4368 et
1578 4300 1801 4388 capita
1846 4300 1982 4368 alta
2025 4299 2324 4368 ferentes

2653 1816 2728 1872 60

2655 4315 2726 4371 80
