3282 4920
1557 240 1914 304 ...10-

642 385 825 454 Artis
872 403 1041 473 opus
1088 383 1327 467 mirae,
1376 377 1900 452 circumvelabat
1945 380 2268 468 amictus3

644 514 929 580 Pectore
974 516 1107 579 stat
1150 527 1416 578 roseam
1461 510 1872 577 subnectens
1918 507 2125 576 fibula
2167 511 2473 595 vestem3

650 633 779 712 Qui
823 655 1031 722 quum
1076 627 1415 704 venerunt
1458 651 1699 703 omnes
1743 652 1831 702 ex
1875 631 2116 702 ordine
2159 631 2416 701 circum

647 759 1127 850 Victoremque
1172 761 1387 828 Deum
1430 757 1738 846 caelique
1781 775 2028 826 serena
2071 761 2420 826 tenentem

644 884 733 952 Se
778 884 1073 952 fundunt
1116 883 1459 970 longeque
1504 884 1736 971 polum
1783 882 2063 951 cinxere
2110 901 2360 950 corona

647 1011 798 1077 Non
841 1009 1032 1099 prius
1076 1008 1378 1077 auditum
1425 1007 1629 1076 terris
1671 1024 1940 1096 paeana
1983 1016 2336 1076 canentes,

646 1133 813 1202 Heic
856 1132 956 1202 illi
1000 1132 1313 1202 certatim
1358 1131 1542 1201 inter
1584 1150 1661 1200 se
1705 1130 1909 1217 signa
1953 1135 2280 1200 cruentae

648 1258 884 1328 Mortis
926 1259 1167 1348 partiri
1209 1262 1583 1347 properant
1624 1256 1966 1342 gestanda
1993 1255 2363 1344 triumpho,

650 1385 839 1461 Quae
882 1383 1073 1472 prius
1120 1383 1296 1451 heu!
1346 1383 1619 1450 fuerant
1663 1380 1851 1450 saevi
1895 1386 2234 1450 tormenta
2265 1379 2538 1448 doloris.

647 1508 810 1577 Dira
854 1527 1061 1577 manu
1108 1507 1181 1573 hi
1226 1512 1499 1591 gestant
1542 1506 1849 1575 hirsutae
1894 1511 2078 1574 texta
2123 1495 2418 1572 coronae

648 1636 893 1721 Atque·
916 1633 1210 1716 hastam,
1256 1637 1459 1719 atque
1505 1650 1719 1700 uncos
1761 1647 2049 1718 procusa
2093 1628 2398 1716 cuspide,
2443 1645 2756 1716 sparsum

650 1758 1066 1844 Sanguineis
1114 1757 1393 1826 maculis
1438 1757 1779 1845 clavisque
1824 1755 2194 1825 trabalibus
2239 1755 2372 1822 alte

649 1884 1034 1953 Traiectum
1079 1883 1323 1951 tollunt
1366 1881 1483 1950 alii
1526 1880 1920 1950 venerabile
1965 1880 2242 1965 signum

543 2000 548 2007 ’
610 1991 614 1996 ’
649 2010 994 2096 Armaque
1040 2013 1109 2077 et
1152 2007 1473 2076 ardentes
1518 2007 1752 2075 taedas
1797 2007 2204 2094 clypeosque
2249 2003 2602 2089 tubasque,

651 2133 993 2220 Quidquid
1036 2137 1105 2201 et
1148 2131 1222 2199 in
1266 2131 1629 2200 Dominum
1674 2131 1864 2198 furor
1907 2113 2156 2218 impius
2199 2129 2436 2215 iraque
2480 2143 2810 2214 praeceps

649 2259 959 2328 Armavit
1001 2259 1354 2346 luctusque
1400 2263 1468 2326 et
1510 2257 1742 2326 acerbi
1783 2255 2048 2325 funeris
2092 2255 2192 2323 illi
2796 2265 2900 2321 160

655 2384 875 2451 Causa
918 2382 1065 2469 fuit,
1115 2402 1300 2450 nunc
1344 2382 1522 2450 sacta
1564 2381 1671 2449 sui
1717 2381 1966 2450 decora
2011 2381 2145 2448 alta
2190 2376 2539 2466 triumphi.

652 2510 772 2579 Ille
817 2514 1044 2577 autem
1091 2506 1306 2576 nitida
1352 2506 1666 2595 perfusus
1711 2508 1862 2575 luce
1893 2507 2230 2590 ¹fluentem

654 2635 1047 2704 Caesariem
1090 2635 1457 2722 nimboque
1502 2635 1680 2703 latus
1725 2632 2106 2703 succinctus
2151 2637 2516 2717 utrumque

653 2762 1075 2829 Aethereum
1117 2779 1244 2848 per
1288 2760 1421 2829 iter
1465 2758 1722 2848 rapidis
1766 2757 2062 2829 velocior
2104 2756 2306 2825 Euris

654 2885 1010 2954 Invehitur
1053 2904 1303 2971 curru3
1350 2885 1644 2954 subeunt
1687 2885 1874 2952 hunc
1919 2887 2161 2972 sponte
2219 2880 2634 2967 trahuntque

655 3009 1151 3095 Quadriiugum
1194 3014 1482 3097 quatuor
1524 3010 1744 3079 forma
1786 3012 2179 3097 praestante
2221 3006 2512 3091 iugaleS,

653 3139 837 3214 Quos
879 3137 1041 3206 olim
1087 3142 1277 3207 vates
1322 3137 1593 3206 Chobar
1634 3156 1818 3223 vaga
1859 3136 2142 3204 flumina
2185 3138 2466 3222 propter

616 3262 619 3269 '
655 3263 860 3331 Stans
904 3262 1069 3330 vidit
1114 3262 1225 3330 dio
1270 3263 1587 3351 perfusus
1631 3263 1890 3331 lumine
1936 3267 2234 3331 mentem

652 3386 987 3455 Ezechiel.
1042 3386 1286 3455 Valido
1330 3387 1662 3456 subnixus
1708 3388 2011 3455 eburnea
2055 3386 2228 3454 collo

655 3513 818 3580 Fert
860 3511 1024 3597 iuga
1068 3512 1564 3600 praegrediens
1610 3513 1942 3579 formosus
1986 3517 2221 3579 taurus
2267 3514 2337 3578 et
2379 3505 2578 3576 hirtis

658 3635 978 3704 Crinibus
1022 3636 1405 3725 impavidus
1448 3639 1609 3705 Leo.
1663 3638 1812 3705 Non
1861 3636 2000 3704 iam
2044 3635 2204 3703 huic
2246 3633 2426 3703 bella
2469 3630 2834 3718 minaeque

658 3762 831 3829 Sunt
872 3761 1085 3845 cordi,
1136 3780 1265 3830 nec
1308 3762 1449 3830 iam
1494 3761 1723 3829 fremit
1768 3760 2086 3829 horridus
2131 3779 2255 3828 ore
2297 3761 2606 3841 cruent0,

656 3885 863 3955 Grata
906 3884 1030 3955 sed
1072 3886 1146 3953 in
1191 3884 1459 3974 placido
1504 3869 1685 3954 ridet
1727 3886 2093 3955 clementia
2137 3886 2345 3953 vultu.

652 4012 881 4080 Tertia
923 3990 1363 4100 consequitur
1406 4011 1738 4100 laterique
1784 4012 2186 4098 adiungitur
2226 4012 2326 4079 illi

656 4136 955 4206 Alituum
1002 4139 1249 4224 regina
1292 4148 1536 4227 potens
1580 4158 1788 4229 super
1832 4142 2046 4211 ardua
2089 4140 2260 4210 caeli

659 4268 971 4338 Tendere
1015 4265 1147 4334 iter
1190 4264 1632 4349 volucresque
1679 4264 1843 4351 fuga
1885 4272 2322 4354 praevertere
2365 4269 2628 4336 ventos:
