3282 4920
1534 281 1624 298 ....
1671 247 1759 318 12
1802 281 1893 298 .-

632 392 986 482 Complexi
1027 387 1104 460 id
1149 390 1316 460 solio
1361 390 1742 478 meritaque
1785 390 1861 458 in
1905 389 2069 460 sede
2114 391 2453 474 locarunt,

634 518 895 587 Cuncta
938 517 1056 585 ubi
1100 516 1396 586 consorti
1439 515 1834 586 moderatur
1876 515 2188 601 numine,
2237 514 2521 583 dextrae

631 642 960 713 Admotus
1003 643 1254 728 PatriS,
1301 646 1570 730 sceptro
1615 641 1947 711 subnixus
1991 641 2255 711 eodem.

723 769 780 836 Ο
826 768 1034 837 decus
1081 767 1466 854 egregium,
1515 787 1557 835 o
1601 766 1775 836 nulli
1818 767 2067 836 virtute
2096 764 2425 850 secunde,

635 890 925 960 Maxime
967 890 1321 976 victorum,
1369 890 1586 959 nostri
1629 909 1787 978 spes
1831 887 1977 957 una'
2014 891 2358 977 salusque,

636 1017 805 1086 Tam
848 1017 1109 1085 clarum
1153 1016 1330 1085 victo
1373 1015 1581 1102 egisti
1622 1015 1742 1104 qui
1785 1014 1935 1086 Dite
1979 1013 2427 1104 triumphum,

632 1141 772 1209 Hos
815 1159 949 1226 ego
991 1142 1398 1230 promeritos
1443 1141 1647 1210 hodie
1688 1137 1813 1209 tibi
1858 1146 2097 1227 grator
2138 1142 2461 1225 honores,

633 1266 1193 1356 vincentemque.
1222 1268 1587 1356 Patrisque
1631 1268 1732 1336 tui
1776 1274 1971 1336 trans
2014 1267 2300 1336 aethera
2344 1283 2549 1334 cursu

635 1390 987 1461 Sideream
1032 1391 1266 1462 sedem
1311 1398 1380 1461 et
1423 1392 1746 1461 caelestia
1794 1392 2045 1481 templa
2086 1395 2461 1480 petentem,

633 1516 758 1584 Illa
797 1516 932 1585 tuis
975 1516 1232 1586 dudum
1278 1517 1651 1587 benefactis
1695 1515 1921 1586 debita
1958 1533 2205 1602 regna,

633 1642 756 1710 Illa
799 1642 898 1710 tui
941 1642 1238 1729 insignis
1283 1661 1673 1712 memorans
1718 1663 1851 1729 ego
1896 1648 2094 1728 gesta
2136 1642 2468 1731 triumphi

631 1768 718 1834 Et
759 1768 940 1836 bona
983 1774 1145 1856 quot
1187 1769 1464 1837 fuerunt
1506 1768 1703 1837 nohis
1748 1768 1911 1836 hinc
1954 1765 2177 1856 parta,
2210 1766 2558 1837 camoenis
2772 1782 2876 1838 220

631 1893 798 1962 Heic
840 1913 1216 1983 prosequor
1259 1894 1472 1963 sacris
1516 1893 1800 1962 laetanti
1842 1912 2029 1962 voce.
2082 1892 2391 1962 Subactis

633 2017 926 2086 Vindice
971 2019 1090 2099 Te,
1141 2018 1391 2086 nostris
1437 2023 1506 2086 et
1549 2017 1721 2086 duro
1765 2035 2041 2086 carcere
2085 2016 2335 2086 clausis
2526 2099 2530 2102 ⁴

631 2143 949 2212 Hostibus
995 2149 1064 2212 et
1107 2143 1350 2229 stygiis
1389 2142 1605 2231 pulsis
1648 2143 1785 2211 iam
1830 2141 2203 2227 fraudibus,
2252 2159 2493 2211 omnes

631 2268 966 2336 Solvimur
1007 2272 1078 2338 et
1119 2267 1325 2357 primi
1366 2273 1768 2356 reparantes
1812 2265 2064 2336 damna
2107 2267 2414 2355 parentis
2426 2315 2445 2353 ,

633 2395 780 2471 Quo
823 2393 1074 2462 fuimus
1119 2393 1403 2479 longum
1449 2391 1758 2460 domibus
1802 2391 2205 2462 caelestibus
2248 2392 2408 2478 acti,

633 2521 839 2591 Omni
884 2519 1130 2590 deiecti
1173 2520 1312 2589 iam
1357 2540 1478 2608 spe
1528 2520 1903 2608 devotaque
1946 2539 2213 2610 poenae

629 2646 955 2735 Corpora,
1003 2644 1368 2733 mancipia,
1416 2646 1550 2713 heu
1597 2645 1963 2713 miserum!
2015 2651 2215 2733 atque
2260 2646 2556 2714 obnoxia
2598 2646 2868 2735 culpae,

629 2774 849 2857 Nune,
898 2777 1016 2839 tua
1059 2770 1429 2859 progenies
1471 2769 1855 2857 iterumque
1900 2776 2146 2857 tuoque
2191 2754 2527 2859 redempti

629 2896 1008 2982 Sanguine,
1055 2895 1408 2965 servitium
1455 2896 1584 2962 hoc
1626 2895 1863 2983 procul
1910 2913 1951 2962 a
1996 2896 2371 2963 cervicibus
2416 2916 2629 2983 usque

627 3021 1021 3109 Depulimus
1065 3022 1464 3108 caelumque
1509 3021 1892 3107 amissaque
1939 3020 2088 3089 iura
2132 3020 2449 3109 potimur.

626 3149 769 3216 Iam
812 3153 928 3215 tuo
972 3146 1060 3215 ab
1106 3148 1318 3215 effliso
1363 3152 1690 3214 renovata
1734 3153 1838 3215 est
1880 3147 2223 3233 sanguine
2266 3147 2493 3231 tellus,
2546 3136 2559 3149 ’

628 3274 775 3349 Quo
819 3272 1081 3341 scelere
1126 3270 1304 3340 heu!
1357 3273 1578 3340 fuerat
1621 3272 1758 3340 iam
1800 3271 2066 3360 pridem
2110 3272 2371 3341 imbuta
2415 3271 2713 3343 nefando

625 3397 1024 3485 Inductique
1069 3397 1228 3464 novi
1271 3415 1497 3465 mores
1540 3402 2039 3485 praeceptaque
2077 3398 2249 3483 veri,

624 3522 832 3601 Queis
875 3522 1188 3590 homines
1233 3528 1420 3591 recto
1462 3523 1600 3590 iam
1648 3543 1686 3591 e
1732 3522 2004 3591 tramite
2052 3522 2491 3592 deflectentes

625 3651 732 3717 Ire
778 3647 958 3715 viam
1003 3666 1238 3715 rursus
1284 3647 1562 3731 scirent,
1610 3665 1786 3735 quae
1830 3648 1976 3716 sola
2020 3648 2253 3716 beatos

623 3775 1046 3860 Securosque
1089 3779 1311 3841 metus
1353 3778 1679 3861 praestat,
1727 3773 1871 3841 sola
1914 3772 2156 3841 inserit
2182 3772 2405 3841 astris.

713 3898 770 3965 Ο
815 3896 1025 3981 igitur
1069 3896 1219 3983 quis
1263 3898 1358 3965 Te
1403 3897 1793 3981 omnigenis
1828 3896 2183 3965 virtutibus
2228 3903 2500 3966 auctum

622 4020 962 4089 Laudibus
1005 4022 1250 4090 efferre
1295 4027 1413 4088 aut
1456 4021 1705 4105 dignas
1748 4021 1871 4089 tibi
1916 4021 2205 4091 reddere
2250 4028 2485 4107 grates

625 4147 790 4224 Quis
832 4147 1080 4235 poterit
1121 4153 1429 4215 nostrum
1473 4147 1734 4216 meritis
1777 4166 1902 4235 pro
1949 4147 2243 4215 talibus?
2289 4148 2515 4215 Unum

619 4272 855 4339 Restat
899 4270 1146 4355 adhuc,
1195 4270 1438 4339 humili
1480 4289 1614 4359 quo
1658 4277 1727 4340 te
1773 4276 1839 4340 te
1886 4277 2116 4341 mente
2145 4288 2533 4360 precamur,
2756 4284 2866 4340 240
