3282 4920
1384 283 1474 294 ...
1517 245 1564 312 9
1604 279 1697 298 ....

458 390 638 460 Dixit
682 398 752 461 et
793 389 904 458 his
945 388 1166 458 socios
1209 387 1438 458 verbis
1484 405 1857 474 aggressus
1900 385 2179 472 amaris,

464 516 664 602 Quid,
711 515 906 601 lenti,
951 514 1315 604 increpuit,
1363 514 1693 586 cessatis?
1738 516 1981 582 Nonne
2024 512 2268 582 videtis

463 641 680 728 Signa
723 640 1124 730 triumphati
1167 639 1426 710 Inferni
1469 639 1733 709 sublata
1774 658 1903 728 per
1946 639 2199 708 auras?

317 832 322 836 .
457 767 727 837 Siccine
772 767 1144 837 devincens
1187 767 1386 836 nobis
1429 765 1721 834 illuserit
1764 765 1977 834 hostis

463 895 608 979 Ille,
657 899 990 983 caputque
1034 894 1212 983 pede
1253 893 1506 962 invicto
1547 891 1983 962 contriverit!
2032 893 2153 975 Ite,

463 1018 664 1088 Haud
709 1038 928 1106 mora,
973 1020 1312 1104 lethifera,
1359 1017 1574 1104 saevi,
1619 1017 1927 1103 miscete,
1972 1015 2295 1100 ministri,

464 1143 737 1214 Praelia
780 1145 953 1214 dura
996 1163 1206 1214 manu
1252 1145 1643 1231 bellumque
1685 1144 1943 1213 inferre
1984 1147 2250 1231 parate,

467 1270 680 1337 Arma
723 1268 842 1336 citi
885 1269 1167 1358 arripite
1209 1275 1414 1357 atque
1455 1269 1534 1336 in
1576 1285 1833 1338 vesana
1875 1286 2069 1337 arma
2110 1271 2391 1336 ruentes

415 1415 422 1419 ·
465 1394 816 1464 Funereas
856 1394 1106 1463 iactate
1149 1395 1333 1464 faces
1375 1393 1790 1480 nigrumque
1837 1411 2181 1463 venenum

462 1517 779 1605 Spargite
824 1522 894 1586 et
936 1517 1224 1598 excidia,
1272 1517 1594 1586 interitus
1637 1535 1969 1604 casusque
2012 1516 2383 1604 ruinasque

461 1643 780 1714 Instruite
819 1644 1351 1732 innumerosque
1393 1644 1610 1729 dolos,
1656 1649 1971 1730 artesque
2010 1643 2327 1714 nocendi.

463 1769 771 1838 Tartarei
814 1771 1118 1854 comites,
1163 1790 1336 1839 num
1377 1788 1499 1839 vos
1541 1787 1814 1840 cessare
1856 1769 2137 1857 pudebit

464 1898 783 1984 Incoepto
827 1896 1126 1981 segnes?
1169 1895 1431 1964 validas
1475 1895 1855 1984 expromite
1896 1895 2107 1980 vires,

465 2023 604 2090 Nec
647 2039 768 2089 vos
808 2021 1136 2109 impediat
1177 2020 1346 2108 quin
1388 2021 1763 2109 proludatis
1806 2021 1881 2088 in
1926 2037 2145 2106 arma,

463 2145 584 2212 Illa
625 2143 806 2231 quod
847 2145 1152 2214 humano
1193 2144 1442 2230 generi
1483 2143 1572 2213 sit
1613 2137 1959 2229 sanguine
2004 2143 2257 2213 Christi

463 2270 673 2340 Parta
715 2270 900 2338 salus
941 2269 1325 2357 iterumque
1369 2271 1708 2339 reclusum
1752 2269 1965 2338 limen
2012 2269 2327 2358 Olympi3

466 2393 829 2465 Vincimur
869 2396 1026 2482 hoc,
1073 2396 1314 2483 fateor,
1362 2415 1492 2467 nec
1535 2397 1823 2467 demens
1864 2395 2139 2482 longius
2181 2396 2298 2466 illa

463 2522 633 2591 Fata
675 2541 927 2610 querar
968 2522 1168 2591 nobis
1207 2523 1486 2592 inimica
1530 2530 1600 2593 et
1643 2524 1879 2594 nescia
1920 2523 2145 2610 flecti3

464 2648 554 2715 At
596 2667 862 2735 nequeo
907 2650 1252 2719 humanae
1297 2649 1524 2735 gentis
1567 2650 1935 2738 prohibere
1977 2651 2291 2735 salutem,

465 2774 590 2842 Ast
632 2774 705 2841 in
750 2774 927 2843 bella
971 2775 1152 2843 seros
1193 2777 1478 2864 populos
1521 2792 1791 2844 armare
1834 2775 2061 2844 licebit

465 2899 687 2986 Atque
729 2897 904 2967 odiis
947 2918 1226 2969 versare
1269 2901 1504 2969 domos
1549 2907 1618 2969 et
1660 2900 1881 2968 tristia
1924 2902 2105 2969 ferre

466 3022 786 3111 Funera3
834 3027 968 3091 stet
1009 3029 1272 3093 certum
1317 3042 1515 3092 casus
1558 3042 1967 3112 procurrere
2010 3024 2085 3091 in
2129 3041 2397 3109 omneS,

468 3147 726 3218 Omnes
769 3150 994 3217 moliri
1035 3150 1334 3235 fraudes,
1381 3149 1484 3217 nil
1525 3149 1840 3237 linquere
1882 3149 2224 3234 inausum,

469 3274 616 3350 Quo
662 3274 939 3344 tandem
981 3266 1100 3344 illa
1143 3275 1497 3343 hominum
1541 3280 1865 3364 properet
1906 3275 2189 3362 decepta
2232 3281 2518 3363 ruatque

465 3402 604 3468 Per
646 3400 1059 3486 vetitumque
1101 3401 1347 3484 scelus,
1395 3420 1522 3488 per
1563 3400 1771 3469 fanda
1811 3399 2226 3488 infandaque
2268 3419 2597 3491 praeceps

465 3524 589 3595 Illa
629 3524 910 3595 inimica
949 3524 1120 3593 mihi
1162 3524 1580 3612 nimiumque
1623 3523 1847 3593 invisa
1888 3542 2218 3613 propago.

555 3653 693 3719 Has
739 3651 902 3719 dum
945 3652 1288 3720 flammato
1333 3670 1532 3719 voces
1562 3650 2007 3739 profunderet
2032 3670 2177 3735 ore,

470 3779 744 3845 Interea
785 3776 986 3845 motis
1028 3776 1360 3864 pictisque
1405 3775 1743 3844 exercitus
1786 3774 1913 3843 alis

469 3901 758 3970 Advolat
799 3902 1138 3987 aligerum
1181 3902 1356 3970 coeli
1399 3901 1486 3970 de
1529 3900 1828 3985 sedibus,
1875 3918 2116 3969 omnes

468 4026 702 4095 Vincti
744 4028 936 4096 ibant
976 4029 1152 4111 olea,
1199 4027 1426 4096 crines
1470 4028 1896 4112 frontemque
1940 4024 2195 4109 decori,

467 4150 889 4239 Ardentique
931 4170 1172 4221 omnes
1215 4158 1286 4220 et
1326 4152 1538 4221 multa
1578 4151 1731 4221 luce
1774 4148 2064 4234 corusci,

465 4276 772 4347 Membra
813 4276 1057 4363 quibus
1100 4276 1316 4346 roseis
1361 4275 1653 4361 gemmis
1694 4275 1932 4344 illusus
1978 4278 2047 4343 et
2089 4291 2283 4357 aure),

2604 1279 2706 1339 120

2608 3790 2708 3846 140
