3282 4920
1540 251 1850 318 ..3-

619 399 1223 486 Sanguineamque
1265 396 1484 465 aciem
1522 396 1802 463 volvunt
1847 399 1916 462 et
1960 391 2164 461 corde
2206 391 2463 460 furenti

621 527 878 594 Omnes
923 524 1286 593 effundunt
1325 519 1661 610 lymphati
1685 519 1979 608 pectoris
2022 518 2197 605 iras3

618 653 792 719 Pars
835 670 910 719 se
953 648 1290 718 coeruleis
1333 646 1765 735 serpentibus
1808 644 2245 730 incingentes

618 773 996 842 Fumiferas
1036 777 1360 861 quassant
1403 770 1673 838 ardenti
1714 770 2041 858 sulphure
2084 767 2343 851 taedas»,

620 901 793 966 Pars
836 897 1107 987 piceum
1151 894 1468 984 expirant
1511 893 1718 980 nigra
1762 892 2061 978 caligine
2102 891 2391 974 sumum,

621 1023 1036 1090 Lumborum
1079 1031 1282 1090 tenus
1325 1022 1630 1090 humana
1672 1017 1872 1102 facie,
1919 1016 2085 1086 inde
2112 1012 2447 1100 chelydri,

621 1147 948 1215 Efflantes
993 1145 1110 1215 alii
1154 1145 1512 1214 densatum
1557 1142 1863 1212 faucibus
1904 1141 2143 1227 ignem

621 1271 1055 1341 Horrendum
1097 1271 1551 1358 frendentque
1596 1269 1987 1355 ruduntque
2033 1286 2113 1336 ac
2156 1267 2370 1336 multa
2411 1264 2753 1334 minantes

624 1396 1065 1465 Confundunt
1109 1395 1271 1465 Orci
1314 1393 1692 1464 horrisonis
1736 1393 2101 1462 ululatibus
2130 1397 2355 1476 antra,

626 1520 808 1596 Quos
849 1520 1039 1589 inter
1082 1519 1343 1588 medios
1388 1522 1618 1586 torvus
1662 1524 1853 1588 tenet
1895 1535 2141 1605 aspera
2174 1517 2424 1584 Pluton

625 1647 908 1735 Sceptra
951 1665 1184 1732 manu,
1231 1650 1614 1714 monstrum
1656 1645 1983 1728 immane,
2031 1643 2307 1729 ingens,
2340 1641 2450 1710 cui
2477 1639 2655 1708 male
2684 1654 2863 1727 pexa

626 1773 846 1858 Atque
890 1770 1148 1840 inculta
1189 1771 1394 1856 cadit,
1442 1770 1711 1840 foedato
1755 1769 2035 1854 vellere,
2081 1768 2295 1837 barba

625 1900 882 1985 Mento,
929 1896 1180 1984 quique
1223 1898 1456 1966 oculos
1499 1898 1815 1965 suffectos
1862 1895 2203 1981 sanguine
2248 1899 2317 1963 et
2356 1891 2509 1979 igni

623 2021 928 2090 Volvens
973 2026 1339 2110 exsuperat
1381 2019 1605 2109 capite
1652 2026 1722 2090 et
1766 2019 2145 2090 cervicibus
2188 2018 2341 2086 altis

631 2147 783 2213 Non
827 2144 1055 2214 minus
1099 2165 1178 2214 ac
1223 2145 1282 2214 si
1325 2150 1459 2214 stet
1503 2146 1747 2233 Calpes
1792 2151 1911 2213 aut
1952 2143 2237 2212 stellifer
2278 2143 2491 2210 Atlas.

719 2269 844 2336 Hic
888 2274 1245 2358 postquam
1289 2267 1550 2338 socium
1595 2275 1840 2338 cuncta
1883 2267 2167 2354 agmina
2208 2265 2710 2355 circumspexit,

631 2392 1052 2463 Raucisonas
1085 2393 1333 2489 rabido
1375 2394 1503 2460 has
1546 2392 1731 2481 rupit
1773 2392 1858 2462 de
1901 2398 2177 2481 pectore
2222 2409 2423 2463 voces
2440 2439 2459 2477 ,

627 2520 836 2608 Rupit
879 2526 947 2589 et
991 2521 1314 2589 ardentes
1357 2520 1611 2587 vomuit
1656 2519 1857 2587 simul
1902 2538 2021 2587 ore
2065 2518 2327 2587 favillas

633 2655 996 2723 Clamans:
1047 2655 1226 2723 heu!
1276 2673 1386 2722 me
1431 2654 1805 2721 miserum!
1858 2653 2021 2729 Quis
2065 2653 2281 2721 fertur
2326 2651 2415 2720 ad
2458 2670 2661 2721 aures

628 2780 910 2864 Rumor,
958 2780 1303 2848 inauditur
1346 2780 1624 2867 quinam
1670 2798 1797 2868 per
1843 2779 2055 2847 inane
2100 2778 2475 2847 tumultus?
2764 2792 2865 2851 100

626 2904 861 2973 Eheu!
910 2907 1150 2976 Infelix
1193 2906 1522 2974 nimium!
1571 2905 1891 2975 caelestia
1932 2904 2199 2974 scandit

633 3032 915 3118 Templa
957 3034 1162 3117 DeuS,
1208 3034 1388 3100 Deus
1431 3031 1634 3101 aeriis
1678 3051 1770 3100 en
1812 3030 2106 3099 nubibus
2150 3035 2341 3099 actus

632 3157 903 3224 Molitur
948 3158 1192 3243 clarOS,
1239 3158 1503 3227 devicta
1547 3162 1791 3242 morte,
1839 3156 2221 3244 triumphos

633 3282 801 3350 Illuc
843 3282 1076 3351 felices
1120 3282 1420 3367 animae,
1468 3302 1636 3370 quas
1680 3282 1953 3351 sedibus
2000 3281 2242 3350 umbra

633 3409 977 3495 Perpetua
1021 3407 1303 3476 obtectis
1347 3409 1569 3476 scelus
1615 3408 1891 3477 exitiale
1933 3406 2240 3495 parentis

635 3532 1035 3601 Iamdudum
1075 3534 1321 3618 tenuit,
1369 3553 1619 3622 supera
1665 3533 1754 3601 ad
1797 3550 2099 3601 convexa
2142 3536 2521 3619 sequuntur

633 3658 1139 3747 Defunctaeque
1183 3658 1371 3743 mali,
1419 3677 1701 3727 securae
1747 3677 2029 3746 operum
2076 3662 2279 3744 atque
2322 3656 2658 3741 laborum,
2741 3694 2745 3698 -

635 3782 1010 3854 Aeternum
1055 3786 1228 3855 caeli
1272 3785 1570 3854 iucunda
1611 3785 1765 3853 luce
1810 3784 2203 3852 fruentur...

637 3910 762 3977 Ast
805 3929 936 3996 ego
943 3959 962 3995 ,
1009 3912 1184 3999 proh
1229 3909 1459 3978 dolor!
1509 3908 1665 3977 heic
1706 3908 1859 3975 fatis
1900 3908 2251 3995 perculsus
2293 3904 2545 3992 iniquis

638 4032 815 4108 Quot
856 4052 1020 4101 nam
1062 4033 1377 4121 persolvo
1419 4033 1562 4100 solo
1605 4050 1729 4119 pro
1775 4030 2061 4098 crimine
2106 4029 2407 4117 poenas!

637 4160 748 4227 Me
793 4157 1116 4227 miserum
1161 4157 1432 4244 quantis
1474 4154 1777 4243 supremi
1820 4155 2064 4224 dextra
2106 4151 2435 4221 Tonantis

637 4284 1005 4368 Percussit,
1052 4283 1324 4371 quantis
1369 4302 1481 4351 me
1525 4282 1830 4351 cladibus
1876 4278 2297 4350 externavit!
